@inproceedings{Kowalski2001SplitPlotEF,
  title={Split-Plot Experimentation for Process and Quality Improvement},
  author={Scott M. Kowalski and G. Geoffrey Vining},
  year={2001},
  url={https://api.semanticscholar.org/CorpusID:135690071}
}

@article{Kowalski2002SplitPlotDA,
  title={Split-Plot Designs and Estimation Methods for Mixture Experiments With Process Variables},
  author={Scott M. Kowalski and John A. Cornell and G. Geoffrey Vining},
  journal={Technometrics},
  year={2002},
  volume={44},
  pages={72 - 79},
  url={https://api.semanticscholar.org/CorpusID:35482688}
}

@article{Ganju1997BiasIT,
  title={Bias in test statistics when restrictions in randomization are caused by factors},
  author={Jitendra Ganju and James M. Lucas},
  journal={Communications in Statistics-theory and Methods},
  year={1997},
  volume={26},
  pages={47-63},
  url={https://api.semanticscholar.org/CorpusID:122911053}
}

@article{Jones2009SplitPlotDW,
  title={Split-Plot Designs: What, Why, and How},
  author={Bradley A. Jones and Christopher J. Nachtsheim},
  journal={Journal of Quality Technology},
  year={2009},
  volume={41},
  pages={340 - 361},
  url={https://api.semanticscholar.org/CorpusID:13252593}
}

@article{Goos2003DOptimalSD,
  title={D-Optimal Split-Plot Designs With Given Numbers and Sizes of Whole Plots},
  author={Peter Goos and Martina Vandebroek},
  journal={Technometrics},
  year={2003},
  volume={45},
  pages={235 - 245},
  url={https://api.semanticscholar.org/CorpusID:41093122}
}

@article{Cook1989ComputeraidedBO,
  title={Computer-aided blocking of factorial and response-surface designs},
  author={Rod Cook and Christopher J. Nachtsheim},
  journal={Quality Engineering},
  year={1989},
  volume={36},
  pages={253-254},
  url={https://api.semanticscholar.org/CorpusID:112710155}
}

@inproceedings{Goos2002TailormadeSE,
  title={Tailor-made split-plot experiments},
  author={Peter Goos and Martina Vandebroek},
  year={2002},
  url={https://api.semanticscholar.org/CorpusID:117662528}
}

@BOOK{Montgomery2020-qa,
  title     = "Design and analysis of experiments",
  author    = "Montgomery, Douglas C",
  publisher = "John Wiley \& Sons",
  edition   =  10,
  month     =  jun,
  year      =  2020,
  address   = "Nashville, TN",
  language  = "en"
}
